@misc{WikiELO, key="Elo", author = "Wikipedia", title = "Elo Rating System", URL = "https://en.wikipedia.org/wiki/Elo_rating_system"}
